<?xml version="1.0" encoding="UTF-8"?><collection xmlns="http://www.loc.gov/MARC21/slim"><record><leader>00384nam--2200133-i-4500</leader><controlfield tag="001">000002740</controlfield><controlfield tag="002">20161230</controlfield><controlfield tag="005">20161230201025</controlfield><controlfield tag="008">060222s1000------------r-----000-0-eng-d</controlfield><datafield ind1=" " ind2=" " tag="080"><subfield code="a">539.172.14. 621.039.8(047)</subfield></datafield><datafield ind1=" " ind2=" " tag="100"><subfield code="a">Cook, L.G., Shafer, K.D</subfield></datafield><datafield ind1=" " ind2=" " tag="245"><subfield code="a">The production of na 22 by a (h 3, n) reaction in a nuclear reactor (aecl-87)</subfield></datafield><datafield ind1=" " ind2=" " tag="260"><subfield code="a">Ontario, Aecl, 1954</subfield></datafield><datafield ind1=" " ind2=" " tag="852"><subfield code="a">10614</subfield></datafield></record></collection>